@article{BeDeNov2015,
author = {Besteiro, E. and de Souza Pinto, J. and Novaski, O.},
title = {Success Factors in Project Management},
journal = {Business Management Dynamics},
year = {2015},
volume = {4},
number = {9},
pages = {19-34},
}

@article{nzz16,
	author = {NZZ},
	title = {Sawiris Luxusresort-Projekt f채hrt Millionen-Verlust ein},
	journal = {Neue Z체richer Zeitung},
	date = {14. April 2016},
	year = {2016}
	month = {April}
	date = {4}
	url = {https://www.nzz.ch/wirtschaft/unternehmen/andermatt-swiss-alps-sawiris-luxusresort-projekt-faehrt-millionen-verlust-ein-ld.13962},
}

@article{fuchs15,
	author = {Fuchs, O.},
	title = {Bund verschwendet erneut Millionen f체r IT-Projekt},
	journal = {Neue Z체richer Zeitung},
	date = {2015},
	year = {2015}
	month = {Februar}
	date = {2}
	url = {https://www.nzz.ch/schweiz/bund-verschwendet-erneut-millionen-fuer-it-projekt-1.18489503},
}

@inbook{kerz14,
	author = {Kerzner, H.},
	title = {Project Management 2.0: Leveraging Tools, Distributed Collaboration and Metrics for Project Success},
	chapter = {3},
	publisher = {John Wiley and Sons},
	year = {2014},
}

@article{Atk1999,
	author = {Atkinson, R.},
	title = {Project management: cost, time and quality, two best guesses and a phenomenon, it is time to accept other success criteria},
	journal = {International Journal of Project Management},
	year = {1999},
	volume = {17},
	number = {6},
	pages = {337-342},
}

@inbook{lock07,
	author = {Lock, D.},
	title = {Project Management},
	chapter = {2},
	publisher = {Gowner Publishing Limited},
	year = {2007},
}

@article{haankra13,
	author = {Haji-Kazemi, S. and Andersen, B. and Kran, H.P.},
	title = {A Review on Possible Approaches for Detecting Early Warning Signs in Projects},
	journal = {Project Management Journal},
	year = {2013},
	volume = {44},
	number = {5},
	pages = {55-69},
}

@article{haan13,
	author = {Haji-Kazemi, S. and Andersen, B.},
	title = {Application of performance measurement as an early warning system},
	journal = {International Journal of Managing Projects in Business},
	year = {2013},
	volume = {6},
	number = {4},
	pages = {714-738},
}

@article{WiKlak12,
	author = {Williams, T. and Klakegg, O.J. and Walker, D.H.T and Andersen, B. and Magnussen, O.M.},
	title = {Identifying and Acting on Early Warning Signs in Complex Projects},
	journal = {Project Management Journal},
	year = {2012},
	volume = {43},
	number = {2},
	pages = {37-53},
}